@book{ Electronics_Projects_for_Dummies,
  title={Electronics Projects for Dummies},
  author={Earl Boysen and Nancy C. Muir,},
  publisher={John Wiley & Sons, 2011},  
  year={2006}
  
}
@book{ The_Art_of_Electronics,
  title={The Art of Electronics},
  author={Paul Horowitz and Winfield Hill,},
  publisher={Cambridge University Press,},  
  year={2021}
  
}

@article{AuthorYear,
  author = {Author, Texas Instruments},
  title = {Article Title},
  journal = {Journal Name},
  volume = {Volume Number},
  number = {Issue Number},
  pages = {Start Page--End Page},
  year = {Year of Publication},
  doi = {DOI Number (if available)}
}

@article{Smith2023,
  author = {Smith, John and Doe, Jane},
  title = {The Impact of Climate Change on Coastal Ecosystems},
  journal = {Nature Climate Change},
  volume = {13},
  number = {2},
  pages = {123--145},
  year = {2023},
  doi = {10.1038/s41558-023-01456-w}
}